\def\UrlBreaks{\do\/\do-}

%%% INTRODUCTION %%%

@inproceedings{industRobot, 
author={Luh, J. Y S}, 
booktitle={Decision and {C}ontrol, 1983. {T}he 22nd {IEEE} {C}onference on}, 
title={Industrial robot that moves around unexpected obstacles with a minimum distance}, 
year={1983}, 
volume={22}, 
pages={1458-1463}, 
keywords={Cameras;Computer industry;Decision making;Educational robots;End effectors;Industrial control;Orbital robotics;Path planning;Robot vision systems;Service robots}, 
doi={10.1109/CDC.1983.269780},
}

@ARTICLE{3DVision, 
author={Luh, J. Y S and Klaasen, John A.}, 
journal={Pattern Analysis and Machine Intelligence, IEEE Transactions on}, 
title={A {T}hree-{D}imensional {V}ision by {O}ff-{S}helf {S}ystem with {M}ulti-{C}ameras}, 
year={1985}, 
volume={PAMI-7}, 
number={1}, 
pages={35-45}, 
keywords={Cameras;Collision avoidance;Delay;Image processing;Machine intelligence;Machine vision;Robot vision systems;Safety;Service robots;Stereo vision;Three dimensional vision system;vision for collision avoidance;vision for robotic system;vision with multi-cameras}, 
doi={10.1109/TPAMI.1985.4767616}, 
ISSN={0162-8828},
}

@INPROCEEDINGS{stereoFPGA, 
author={Corke, P. and Dunn, P.}, 
booktitle={{TENCON} '97. {IEEE} {R}egion 10 {A}nnual {C}onference. {S}peech and {I}mage {T}echnologies for {C}omputing and {T}elecommunications., {P}roceedings of IEEE}, 
title={Real-time stereopsis using {FPGA}s}, 
year={1997}, 
volume={1}, 
pages={235-238 vol.1}, 
keywords={digital signal processing chips;field programmable gate arrays;image matching;parallel processing;real-time systems;stereo image processing;FPGA;comparators;configurable logic boards;counters;exclusive-or;nonparametric measures;normalized cross-correlation;parallel functions;real-time stereo vision system;real-time stereopsis;stereo-matching systems;Australia;Automation;Concurrent computing;Counting circuits;Field programmable gate arrays;Logic;Manufacturing;Real time systems;Stereo vision;Telecommunication computing}, 
doi={10.1109/TENCON.1997.647301},
}

@INPROCEEDINGS{nav, 
author={Zhao Yong-guo and Cheng Wei and Liu Guang-liang}, 
booktitle={Intelligent {C}omputation {T}echnology and {A}utomation ({ICICTA}), 2012 {F}ifth {I}nternational {C}onference on}, 
title={The {N}avigation of {M}obile {R}obot {B}ased on {S}tereo {V}ision}, 
year={2012}, 
pages={670-673}, 
keywords={collision avoidance;data structures;dynamic programming;image reconstruction;mobile robots;path planning;robot vision;stereo image processing;visual perception;3D stereo reconstruction;area-based stereo reconstruction algorithm;dynamic programming technique;mechanical object;obstacle avoidance;pyramidal data structure;stereo image processing;stereo vision based mobile robot navigation;visible terrain recognition;Cameras;Correlation;Navigation;Robot vision systems;Stereo image processing;Mobile robot;Obstacle avoidance;Stereo vision}, 
doi={10.1109/ICICTA.2012.173},
}

@INPROCEEDINGS{actStereoMap, 
author={Al Mutib, K. and Al Sulaiman, M. and Ramdane, H. and Emaduddin, M.M. and Mattar, E.A.}, 
booktitle={Computer {M}odelling and {S}imulation ({UKS}im), 2012 {UKS}im 14th {I}nternational {C}onference on}, 
title={Active {S}tereo {V}ision for {M}obile {R}obot {L}ocalization and {M}apping {P}ath {P}lanning}, 
year={2012}, 
pages={293-299}, 
keywords={mobile robots;path planning;robot vision;stereo image processing;King Saud University;epipolar geometry;mobile robot localization;mobile robot mapping;occupancy grid mapping;potential field path planning procedures;stereo vision path planning navigation;Cameras;Mobile robots;Navigation;Robot vision systems;Stereo vision;Visualization;3-D Vision navigation.;Mobile robots}, 
doi={10.1109/UKSim.2012.117},
}

@INPROCEEDINGS{fpga, 
author={Isakova, N. and Basak, S. and Sonmez, A.C.}, 
booktitle={Innovations in {I}ntelligent {S}ystems and {A}pplications ({INISTA}), 2012 {I}nternational {S}ymposium on}, 
title={FPGA design and implementation of a real-time stereo vision system}, 
year={2012}, 
pages={1-5}, 
keywords={field programmable gate arrays;image matching;logic design;stereo image processing;3D feature detection;FPGA design;cameras;field programmable gate arrays;fully pipelined stereo vision system;image disparity;image matching;real-time stereo vision system;stereo correspondence;stereo disparity value;Algorithm design and analysis;Cameras;Computer vision;Field programmable gate arrays;Hardware;Real time systems;Stereo vision;Disparity;FPGA(Field Programmable Gate Array);Stereo Matching;Stereo Vision}, 
doi={10.1109/INISTA.2012.6247007},
}

@INPROCEEDINGS{quadRobot, 
author={Xuesong Shao and Yiping Yang and Wei Wang}, 
booktitle={Mechatronics and {A}utomation (ICMA), 2012 {I}nternational {C}onference on}, 
title={Obstacle crossing with stereo vision for a quadruped robot}, 
year={2012}, 
pages={1738-1743}, 
keywords={adaptive control;collision avoidance;gait analysis;legged locomotion;robot vision;stability;stereo image processing;SAD method;autonomous adaptive locomotion control system;complicated surface traversal robot;disparity estimation;gait generation;gait planning algorithm design;gait transition;light;locomotion speed;obstacle crossing;post-processing algorithm;quadruped robot;stability;stereo vision;sum-of-absolute difference method;surface reflection;terrain maps;textureless conditions;unstructured environments;Cameras;Foot;Legged locomotion;Planning;Robot kinematics;Trajectory;disparity estimation;obstacle crossing;quadruped robot;stereo vision}, 
doi={10.1109/ICMA.2012.6284399},
}



%%% BACKGROUND %%%
@INPROCEEDINGS{computerVision, 
author={Gosta, M. and Grgic, M.}, 
booktitle={{ELMAR}, 2010 {P}roceedings}, 
title={Accomplishments and challenges of computer stereo vision}, 
year={2010}, 
month={Sept}, 
pages={57-64}, 
keywords={computer vision;image matching;image recognition;image reconstruction;image segmentation;stereo image processing;2D image representation;3D-scene reconstruction;computer stereo vision;image recognition;image segmentation;stereo image matching;three dimensional scene;two dimensional representation;Algorithm design and analysis;Cameras;Dynamic programming;Heuristic algorithms;Pixel;Stereo vision;Three dimensional displays;Computer Stereo Vision;Correspondence Problem;Depth Calculation;Depth Discontinuities;Disparity;Epipolar Rectification;Occlusion}, 
ISSN={1334-2630},}

@ARTICLE{stereoVision, 
author={Brown, M.Z. and Burschka, D. and Hager, G.D.}, 
journal={Pattern {A}nalysis and {M}achine {I}ntelligence, {IEEE} {T}ransactions on}, 
title={Advances in computational stereo}, 
year={2003}, 
month={Aug}, 
volume={25}, 
number={8}, 
pages={993-1008}, 
keywords={computer vision;image matching;real-time systems;stereo image processing;computational stereo;computer vision;image correspondence;occlusion;real-time implementations;stereo correspondence;stereo geometry;stereo images;three-dimensional structure extraction;Books;Cameras;Computer vision;Focusing;Geometry;Image reconstruction;Layout;Performance analysis;Stereo image processing;Stereo vision}, 
doi={10.1109/TPAMI.2003.1217603}, 
ISSN={0162-8828},}

@ARTICLE{binocularStereo, 
author={Seunghun Jin and Junguk Cho and Xuan Dai Pham and Kyoung-Mu Lee and Sung-Kee Park and Munsang Kim and Jeon, J.W.}, 
journal={Circuits and {S}ystems for {V}ideo {T}echnology, {IEEE} {T}ransactions on}, 
title={{FPGA} {D}esign and {I}mplementation of a {R}eal-{T}ime {S}tereo {V}ision {S}ystem}, 
year={2010}, 
month={Jan}, 
volume={20}, 
number={1}, 
pages={15-26}, 
keywords={computational complexity;field programmable gate arrays;stereo image processing;FPGA design;FPGA implementation;computational complexity;conventional computers;dense disparity image;field programmable gate array;fully-pipelined stereo vision system;hardware architecture;inherent instruction cycle delay;real-time stereo vision system;software program;stereo matching;subpixel accuracy;Field programmable gate arrays;integrated circuit design;stereo vision;video signal processing}, 
doi={10.1109/TCSVT.2009.2026831}, 
ISSN={1051-8215},}

@misc{stereoVisionDiagram, 
title={3{D} {I}maging with {NI} {L}ab{VIEW}},
year={2013},
month={August},
day={2}, 
howpublished = {\url{http://www.ni.com/white-paper/14103/en/}},
}

@INPROCEEDINGS{taxonomy, 
author={Scharstein, D. and Szeliski, R. and Zabih, R.}, 
booktitle={Stereo and {M}ulti-{B}aseline {V}ision, 2001. ({SMBV} 2001). {P}roceedings. {IEEE} {W}orkshop on}, 
title={A taxonomy and evaluation of dense two-frame stereo correspondence algorithms}, 
year={2001}, 
month={}, 
pages={131-140}, 
keywords={image matching;software performance evaluation;stereo image processing;C++ implementation;computer vision;multiframe stereo data sets;performance;stereo correspondence;stereo matching;Bismuth;Taxonomy}, 
doi={10.1109/SMBV.2001.988771},}

@INPROCEEDINGS{sadParallel, 
author={Hariyama, M. and Yokoyama, N. and Kameyama, M. and Kobayashi, Y.}, 
booktitle={Circuits and {S}ystems, 2005. 48th {M}idwest {S}ymposium on}, 
title={{FPGA} implementation of a stereo matching processor based on window-parallel-and-pixel-parallel architecture}, 
year={2005}, 
month={Aug}, 
pages={1219-1222 Vol. 2}, 
keywords={computational complexity;digital signal processing chips;field programmable gate arrays;image matching;multiprocessor interconnection networks;parallel architectures;stereo image processing;2 GHz;33 MHz;3D depth image;FPGA implementation;adaptive window-size control;computational complexity;interconnection network;processor architecture;stereo matching processor;sum of absolute differences computation;window-parallel-and-pixel-parallel architecture;Computational complexity;Computer architecture;Delay effects;Field programmable gate arrays;Intelligent robots;Intelligent vehicles;Layout;Multiprocessor interconnection networks;Parallel processing;Stereo vision}, 
doi={10.1109/MWSCAS.2005.1594327},}

@misc{epipolar, 
title={Epipolar geometry},
year={Accessed July 18, 2014},
howpublished = {\url{http://homepages.inf.ed.ac.uk/rbf/CVonline/LOCAL_COPIES/OWENS/LECT10/node3.html}},
}

@INPROCEEDINGS{rectification, 
author={Li He-xi and Wang Guo-rong and Shi Yong-hua}, 
booktitle={Measuring {T}echnology and {M}echatronics {A}utomation, 2009. {ICMTMA} '09. {I}nternational {C}onference on}, 
title={Application of {E}pipolar {L}ine {R}ectification to the {S}tereovision-{B}ased {M}easurement of {W}orkpieces}, 
year={2009}, 
month={April}, 
volume={2}, 
pages={758-762}, 
keywords={computational geometry;measurement;stereo image processing;T-shaped circular pipe;binocular stereo vision;correlation coefficient;epipolar line constraint equation;epipolar line rectification technique;point detection;rectified epipolar lines;relative distortion;stereovision-based measurement system;workpiece surface;Automotive engineering;Cameras;Coordinate measuring machines;Distortion measurement;Educational institutions;Equations;Mechanical variables measurement;Object detection;Shape measurement;Stereo vision;epipolar constraint;measurement;rectification;stereovision}, 
doi={10.1109/ICMTMA.2009.202},}



%%% RELATED WORK %%%
@INPROCEEDINGS{alteraStratixIVPaper, 
 author={Isakova, N. and Basak, S. and Sonmez, AC.}, 
 booktitle={Innovations in {I}ntelligent {S}ystems and {A}pplications ({INISTA}), 2012 {I}nternational {S}ymposium on}, 
 title={{FPGA} design and implementation of a real-time stereo vision system}, 
 year={2012}, 
 month={July}, 
 pages={1-5}, 
 keywords={field programmable gate arrays;image matching;logic design;stereo image processing;3D feature detection;FPGA design;cameras;field programmable gate arrays;fully pipelined stereo vision system;image disparity;image matching;real-time stereo vision system;stereo correspondence;stereo disparity value;Algorithm design and analysis;Cameras;Computer vision;Field programmable gate arrays;Hardware;Real time systems;Stereo vision;Disparity;FPGA(Field Programmable Gate Array);Stereo Matching;Stereo Vision}, 
 doi={10.1109/INISTA.2012.6247007},}

@misc{alteraStratixIVBoard, 
title={Digi-{K}ey},
year={2014},
month={July},
day={15}, 
howpublished = {\url{http://www.digikey.com/product-detail/en/DK-DEV-4SGX230N/544-2594-ND/2054809?cur=USD}},
}

@INPROCEEDINGS{xilinxVirtex5Paper, 
author={Jingting Ding and Xin Du and Xinhuan Wang and Jilin Liu}, 
booktitle={Mechatronics and {A}utomation ({ICMA}), 2010 {I}nternational {C}onference on}, 
title={Improved real-time correlation-based {FPGA} stereo vision system}, 
year={2010}, 
month={Aug}, 
pages={104-108}, 
keywords={field programmable gate arrays;stereo image processing;field programmable gate array;multi-window approach;real-time correlation-based FPGA stereo vision system;Computed tomography;Correlation;Field programmable gate arrays;Hardware;Pixel;Real time systems;Stereo vision}, 
doi={10.1109/ICMA.2010.5588008}, 
ISSN={2152-7431},}

@misc{xilinxVirtex5Board, 
title={Digi-{K}ey},
year={2014},
month={July},
day={15}, 
howpublished = {\url{http://www.xilinx.com/products/boards_kits/virtex5.htm}},
}

@INPROCEEDINGS{lowCost1000, 
author={Murphy, C. and Lindquist, D. and Rynning, AM. and Cecil, Thomas and Leavitt, S. and Chang, M.L.}, 
booktitle={Field-{P}rogrammable {C}ustom {C}omputing {M}achines, 2007. {FCCM} 2007. 15th {A}nnual {IEEE} {S}ymposium on}, 
title={Low-{C}ost {S}tereo {V}ision on an {FPGA}}, 
year={2007}, 
month={April}, 
pages={333-334}, 
keywords={CMOS image sensors;agricultural machinery;field programmable gate arrays;remotely operated vehicles;stereo image processing;Census transform algorithm;FPGA;agricultural applications;automotive-grade CMOS cameras;autonomous vehicle applications;depth maps;low-cost stereo vision implementation;CMOS image sensors;Cameras;Field programmable gate arrays;Hardware;Mobile robots;Pixel;Prototypes;Remotely operated vehicles;Stereo vision;Universal Serial Bus}, 
doi={10.1109/FCCM.2007.44},}

@INPROCEEDINGS{xilinxSpartan3APaper, 
author={Ben-Tzvi, P. and Xin Xu}, 
booktitle={Robotic and {S}ensors {E}nvironments ({ROSE}), 2010 {IEEE} {I}nternational {W}orkshop on}, 
title={An embedded feature-based stereo vision system for autonomous mobile robots}, 
year={2010}, 
month={Oct}, 
pages={1-6}, 
keywords={embedded systems;feature extraction;mobile robots;stereo image processing;autonomous functions;autonomous mobile robots;baseline flexibility;compact sized robots;computational time;embedded feature-based stereo vision system;embedded stereo vision system;mobile robot platforms;real-time performance;standard test images;stereo vision algorithm;stereo vision products;Algorithm design and analysis;Calibration;Cameras;Feature extraction;Robot vision systems;Stereo vision;correspondence;embedded stereo vision system;feature extraction}, 
doi={10.1109/ROSE.2010.5675303},}

@misc{xilinxSpartan3ABoard, 
title={Xtreme{DSP} {S}tarter {P}latform – {S}partan-3{A} {DSP} 1800{A} {E}dition},
year={2014},
month={July},
day={15}, 
howpublished = {\url{http://www.xilinx.com/products/boards-and-kits/HW-SD1800A-DSP-SB-UNI-G.htm}},
}

@misc{bumblebee, 
title={Bumblebee2},
year={2014},
month={July},
day={19}, 
howpublished = {\url{http://ww2.ptgrey.com/stereo-vision/bumblebee-2}},
}

@INPROCEEDINGS{surveillance, 
author={Rematska, G. and Papadimitriou, K. and Dollas, A}, 
booktitle={Bioinformatics and {B}ioengineering ({BIBE}), 2013 {IEEE} 13th {I}nternational {C}onference on}, 
title={A low cost embedded real time 3{D} stereo matching system for surveillance applications}, 
year={2013}, 
month={Nov}, 
pages={1-6}, 
keywords={field programmable gate arrays;image matching;stereo image processing;video surveillance;Xilinx FPGA;architecture improvements;design space exploration;low cost embedded real time 3D stereo matching system;low-cost real-time system;surveillance applications;Cameras;Field programmable gate arrays;Image resolution;Resource management;Stereo vision;Table lookup}, 
doi={10.1109/BIBE.2013.6701628},}

@misc{atlysBoard, 
title={Atlys {S}partan-6 {FPGA} {D}evelopment {B}oard},
year={2014},
month={July},
day={19}, 
howpublished = {\url{http://www.digilentinc.com/Products/Detail.cfm?NavPath=2,400,836&Prod=ATLYS&CFID=5602753&CFTOKEN=ff475ab97d889237-27A8B1C4-5056-0201-02F29D3CC5564ED6}},
}

@misc{vmodcam, 
title={Vmod{CAM} - {S}tereo {C}amera {M}odule},
year={2014},
month={July},
day={19}, 
howpublished = {\url{http://www.digilentinc.com/Products/Detail.cfm?NavPath=2,648,931&Prod=VMOD-CAM}},
}



%%% IMPLEMENTATION %%%

@misc{fpgalink, 
author={McClelland, Chris}, 
title={{FPGAL}ink: {E}asy {USB} to {FPGA} {C}ommunication},
year={2011},
month={March},
day={26}, 
howpublished = {\url{http://www.makestuff.eu/wordpress/software/fpgalink/}},
}

@misc{lessThan, 
year={Accessed July 29, 2014},
howpublished = {\url{http://web.cecs.pdx.edu/~mperkows/CLASS_VHDL/VHDL_CLASS_2001/Safranski_Alex/HW1.htm}},
}

%%% EXPERIMENTS AND RESULTS %%%

@misc{middlebury, 
author={Scharstein, Daniel and Szeliski, Richard}, 
title={Stereo},
year={2012},
month={April},
day={5}, 
howpublished = {\url{http://vision.middlebury.edu/stereo/}},
}

@misc{matlab, 
author={Ahaja, Siddhant}, 
title={Correlation based similarity measures-{S}um of {A}bsolute {D}ifferences ({SAD})},
year={2009},
month={May},
day={11}, 
howpublished = {\url{https://siddhantahuja.wordpress.com/2009/05/11/correlation-based-similarity-measures-in-area-based-stereo-matching-systems/}},
}

@misc{ug388, 
title={{S}partan-6 {FPGA} {M}emory {C}ontroller},
year={2010},
month={August},
day={9}, 
howpublished = {\url{www.xilinx.com/support/documentation/user_guides/ug388.pdf}},
}





